%% Created using Papers on Wed, 20 Jan 2016.
%% http://papersapp.com/papers/

@article{Colin11,
author = {Colin, Jacques and Mohayaee, Roya and Sarkar, Subir and Shafieloo, Arman},
title = {{Probing the anisotropic local Universe and beyond with SNeâ€ƒIa data}},
journal = {\mnras},
year = {2011},
volume = {414},
number = {1},
pages = {264--271},
month = jun
}

@article{Dai11,
author = {Dai, De-Chang and Kinney, William H and Stojkovic, Dejan},
title = {{Measuring the cosmological bulk flow using the peculiar velocities of supernovae}},
journal = {J. Cosmology Astropart. Phys.},
year = {2011},
volume = {2011},
number = {04},
pages = {015--015},
month = apr
}

@article{Feindt13,
author = {Feindt, U and Kerschhaggl, M and Kowalski, M and Aldering, G and Antilogus, P and Aragon, C and Bailey, S and Baltay, C and Bongard, S and Buton, C and Canto, A and Cellier-Holzem, F and Childress, M and Chotard, N and Copin, Y and Fakhouri, H K and Gangler, E and Guy, J and Kim, A and Nugent, P and Nordin, J and Paech, K and Pain, R and Pecontal, E and Pereira, R and Perlmutter, S and Rabinowitz, D and Rigault, M and Runge, K and Saunders, C and Scalzo, R and Smadja, G and Tao, C and Thomas, R C and Weaver, B A and Wu, C},
title = {{Measuring cosmic bulk flows with Type Ia supernovae from the Nearby Supernova Factory}},
journal = {A\&A},
year = {2013},
volume = {560},
pages = {90},
month = dec
}

@article{Ivezic08,
author = {Ivezic, Z and Tyson, J A and Abel, B and Acosta, E and Allsman, R and AlSayyad, Y and Anderson, S F and Andrew, J and Angel, R and Angeli, G and Ansari, R and Antilogus, P and Arndt, K T and Astier, P and Aubourg, E and Axelrod, T and Bard, D J and Barr, J D and Barrau, A and Bartlett, J G and Bauman, B J and Beaumont, S and Becker, A C and Becla, J and Beldica, C and Bellavia, S and Blanc, G and Blandford, R D and Bloom, J S and Bogart, J and Borne, K and Bosch, J F and Boutigny, D and Brandt, W N and Brown, M E and Bullock, J S and Burchat, P and Burke, D L and Cagnoli, G and Calabrese, D and Chandrasekharan, S and Chesley, S and Cheu, E C and Chiang, J and Claver, C F and Connolly, A J and Cook, K H and Cooray, A and Covey, K R and Cribbs, C and Cui, W and Cutri, R and Daubard, G and Daues, G and Delgado, F and Digel, S and Doherty, P and Dubois, R and Dubois-Felsmann, G P and Durech, J and Eracleous, M and Ferguson, H and Frank, J and Freemon, M and Gangler, E and Gawiser, E and Geary, J C and Gee, P and Geha, M and Gibson, R R and Gilmore, D K and Glanzman, T and Goodenow, I and Gressler, W J and Gris, P and Guyonnet, A and Hascall, P A and Haupt, J and Hernandez, F and Hogan, C and Huang, D and Huffer, M E and Innes, W R and Jacoby, S H and Jain, B and Jee, J and Jernigan, J G and Jevremovic, D and Johns, K and Jones, R L and Juramy-Gilles, C and Juric, M and Kahn, S M and Kalirai, J S and Kallivayalil, N and Kalmbach, B and Kantor, J P and Kasliwal, M M and Kessler, R and Kirkby, D and Knox, L and Kotov, I and Krabbendam, V L and Krughoff, S and Kubanek, P and Kuczewski, J and Kulkarni, S and Lambert, R and Le Guillou, L and Levine, D and Liang, M and Lim, K-T and Lintott, C and Lupton, R H and Mahabal, A and Marshall, P and Marshall, S and May, M and McKercher, R and Migliore, M and Miller, M and Mills, D J and Monet, D G and Moniez, M and Neill, D R and Nief, J-Y and Nomerotski, A and Nordby, M and O'Connor, P and Oliver, J and Olivier, S S and Olsen, K and Ortiz, S and Owen, R E and Pain, R and Peterson, J R and Petry, C E and Pierfederici, F and Pietrowicz, S and Pike, R and Pinto, P A and Plante, R and Plate, S and Price, P A and Prouza, M and Radeka, V and Rajagopal, J and Rasmussen, A and Regnault, N and Ridgway, S T and Ritz, S and Rosing, W and Roucelle, C and Rumore, M R and Russo, S and Saha, A and Sassolas, B and Schalk, T L and Schindler, R H and Schneider, D P and Schumacher, G and Sebag, J and Sembroski, G H and Seppala, L G and Shipsey, I and Silvestri, N and Smith, J A and Smith, R C and Strauss, M A and Stubbs, C W and Sweeney, D and Szalay, A and Takacs, P and Thaler, J J and Van Berg, R and Vanden Berk, D and Vetter, K and Virieux, F and Xin, B and Walkowicz, L and Walter, C W and Wang, D L and Warner, M and Willman, B and Wittman, D and Wolff, S C and Wood-Vasey, W M and Yoachim, P and Zhan, H and Collaboration, for the LSST},
title = {{LSST: from Science Drivers to Reference Design and Anticipated Data Products}},
journal = {arXiv.org},
year = {2008},
eprint = {0805.2366v4},
eprinttype = {arxiv}
}

@article{Jones15,
author = {Jones, David O and Riess, Adam G and Scolnic, Daniel M},
title = {{Reconsidering the Effects of Local Star Formation on Type Ia Supernova Cosmology}},
journal = {\apj},
keywords = {cosmology: observations, distance scale},
     year = 2015,
    month = oct,
   volume = 812,
      eid = {31},
    pages = {31},
      doi = {10.1088/0004-637X/812/1/31},
   adsurl = {http://adsabs.harvard.edu/abs/2015ApJ...812...31J},
  adsnote = {Provided by the SAO/NASA Astrophysics Data System}
}

@article{Kashlinsky10,
author = {Kashlinsky, A and Atrio-Barandela, F and Ebeling, H and Edge, A and Kocevski, D},
title = {{A New Measurement of the Bulk Flow of X-Ray Luminous Clusters of Galaxies}},
journal = {\apjl},
year = {2010},
volume = {712},
number = {1},
pages = {L81--L85}
}

@article{Ma13,
author = {Ma, Y Z and Scott, D},
title = {{Cosmic bulk flows on 50 h-1 Mpc scales: a Bayesian hyper-parameter method and multishell likelihood analysis}},
journal = {\mnras},
year = {2013},
volume = {428},
number = {3},
pages = {2017--2028},
month = jan
}

@article{Ma11,
author = {Ma, Yin-Zhe and Gordon, Christopher and Feldman, Hume A},
title = {{Peculiar velocity field: Constraining the tilt of the Universe}},
journal = {Phys. Rev. D},
year = {2011},
volume = {83},
number = {10}
}

@article{MersiniHoughton:2008io,
author = {Mersini-Houghton, L and Holman, R},
title = {{'Tilting' the Universe with the Landscape Multiverse: The 'Dark' Flow}},
journal = {J. Cosmology Astropart. Phys.},
year = {2009},
eprint = {0810.5388v1},
eprinttype = {arxiv},
eprintclass = {hep-th},
number = {02},
pages = {006},
month = oct
}

@article{Perlmutter99,
   author = {{Perlmutter}, S. and {Aldering}, G. and {Goldhaber}, G. and 
	{Knop}, R.~A. and {Nugent}, P. and {Castro}, P.~G. and {Deustua}, S. and 
	{Fabbro}, S. and {Goobar}, A. and {Groom}, D.~E. and {Hook}, I.~M. and 
	{Kim}, A.~G. and {Kim}, M.~Y. and {Lee}, J.~C. and {Nunes}, N.~J. and 
	{Pain}, R. and {Pennypacker}, C.~R. and {Quimby}, R. and {Lidman}, C. and 
	{Ellis}, R.~S. and {Irwin}, M. and {McMahon}, R.~G. and {Ruiz-Lapuente}, P. and 
	{Walton}, N. and {Schaefer}, B. and {Boyle}, B.~J. and {Filippenko}, A.~V. and 
	{Matheson}, T. and {Fruchter}, A.~S. and {Panagia}, N. and {Newberg}, H.~J.~M. and 
	{Couch}, W.~J. and {Project}, T.~S.~C.},
    title = "{Measurements of {$\Omega$} and {$\Lambda$} from 42 High-Redshift Supernovae}",
  journal = {\apj},
   eprint = {astro-ph/9812133},
 keywords = {COSMOLOGY: OBSERVATIONS, COSMOLOGY: DISTANCE SCALE, STARS: SUPERNOVAE: GENERAL, Cosmology: Observations, Cosmology: Distance Scale, Stars: Supernovae: General},
     year = 1999,
    month = jun,
   volume = 517,
    pages = {565-586},
      doi = {10.1086/307221},
   adsurl = {http://adsabs.harvard.edu/abs/1999ApJ...517..565P},
  adsnote = {Provided by the SAO/NASA Astrophysics Data System}
}

@article{Phillips93,
author = {Phillips, M M},
title = {{The absolute magnitudes of Type IA supernovae}},
journal = {\apj},
     year = 1993,
    month = aug,
   volume = 413,
    pages = {L105-L108},
      doi = {10.1086/186970},
   adsurl = {http://adsabs.harvard.edu/abs/1993ApJ...413L.105P},
  adsnote = {Provided by the SAO/NASA Astrophysics Data System}
}

@article{Planckdf,
author = {{Planck Collaboration} and Ade, P A R and Aghanim, N and Arnaud, M and Ashdown, M and Aumont, J and Baccigalupi, C and Balbi, A and Banday, A J and Barreiro, R B and Battaner, E and Benabed, K and Benoit-Levy, A and Bernard, J P and Bersanelli, M and Bielewicz, P and Bikmaev, I and Bobin, J and Bock, J J and Bonaldi, A and Bond, J R and Borrill, J and Bouchet, F R and Burigana, C and Butler, R C and Cabella, P and Cardoso, J F and Catalano, A and Chamballu, A and Chiang, L Y and Chon, G and Christensen, P R and Clements, D L and Colombi, S and Colombo, L P L and Crill, B P and Cuttaia, F and Da Silva, A and Dahle, H and Davies, R D and Davis, R J and de Bernardis, P and de Gasperis, G and de Zotti, G and Delabrouille, J and Democles, J and Diego, J M and Dolag, K and Dole, H and Donzelli, S and Dore, O and D{\"o}rl, U and Douspis, M and Dupac, X and Ensslin, T A and Finelli, F and Flores-Cacho, I and Forni, O and Frailis, M and Frommert, M and Galeotta, S and Ganga, K and Genova-Santos, R T and Giard, M and Giardino, G and Gonzalez-Nuevo, J and Gregorio, A and Gruppuso, A and Hansen, F K and Harrison, D and Hernandez-Monteagudo, C and Herranz, D and Hildebrandt, S R and Hivon, E and Holmes, W A and Hovest, W and Huffenberger, K M and Hurier, G and Jaffe, T R and Jaffe, A H and Jasche, J and Jones, W C and Juvela, M and Keihanen, E and Keskitalo, R and Khamitov, I and Kisner, T S and Knoche, J and Kunz, M and Kurki-Suonio, H and Lagache, G and Lahteenmaki, A and Lamarre, J M and Lasenby, A and Lawrence, C R and Le Jeune, M and Leonardi, R and Lilje, P B and Linden-Vornle, M and Lopez-Caniego, M and Macias-Perez, J F and Maino, D and Mak, D S Y and Mandolesi, N and Maris, M and Marleau, F and Martinez-Gonzalez, E and Masi, S and Matarrese, S and Mazzotta, P and Melchiorri, A and Melin, J B and Mendes, L and Mennella, A and Migliaccio, M and Mitra, S and Miville-Deschenes, M A and Moneti, A and Montier, L and Morgante, G and Mortlock, D and Moss, A and Munshi, D and Murphy, J A and Naselsky, P and Nati, F and Natoli, P and Netterfield, C B and Norgaard-Nielsen, H U and Noviello, F and Novikov, D and Novikov, I and Osborne, S and Pagano, L and Paoletti, D and Perdereau, O and Perrotta, F and Piacentini, F and Piat, M and Pierpaoli, E and Pietrobon, D and Plaszczynski, S and Pointecouteau, E and Polenta, G and Popa, L and Poutanen, T and Pratt, G W and Prunet, S and Puget, J L and Puisieux, S and Rachen, J P and Rebolo, R and Reinecke, M and Remazeilles, M and Renault, C and Ricciardi, S and Roman, M and Rubino-Martin, J A and Rusholme, B and Sandri, M and Savini, G and Scott, D and Spencer, L and Sunyaev, R and Sutton, D and Suur-Uski, A S and Sygnet, J F and Tauber, J A and Terenzi, L and Toffolatti, L and Tomasi, M and Tristram, M and Tucci, M and Valenziano, L and Valiviita, J and Van Tent, B and Vielva, P and Villa, F and Vittorio, N and Wade, L A and Welikala, N and Yvon, D and Zacchei, A and Zibin, J P and Zonca, A},
title = {{Planckintermediate results}},
journal = {A{\&}A},
year = {2014},
volume = {561},
pages = {A97},
month = jan
}

@article{Rathaus13,
author = {Rathaus, B and Kovetz, E D and Itzhaki, N},
title = {{Studying the peculiar velocity bulk flow in a sparse survey of Type Ia SNe}},
journal = {\mnras},
year = {2013},
volume = {431},
number = {4},
pages = {3678--3684},
month = jun
}

@article{Riess98,
author = {Riess, Adam G and Filippenko, Alexei V and Challis, Peter and Clocchiattia, Alejandro and Diercks, Alan and Garnavich, Peter M and Gilliland, Ron L and Hogan, Craig J and Jha, Saurabh and Kirshner, Robert P and Leibundgut, B and Phillips, M M and Reiss, David and Schmidt, Brian P and Schommer, Robert A and Smith, R Chris and Spyromilio, J and Stubbs, Christopher and Suntzeff, Nicholas B and Tonry, John},
title = {{Observational Evidence from Supernovae for an Accelerating Universe and a Cosmological Constant}},
  journal = {\aj},
   eprint = {astro-ph/9805201},
 keywords = {COSMOLOGY: OBSERVATIONS, STARS: SUPERNOVAE: GENERAL},
     year = 1998,
    month = sep,
   volume = 116,
    pages = {1009-1038},
      doi = {10.1086/300499},
   adsurl = {http://adsabs.harvard.edu/abs/1998AJ....116.1009R},
  adsnote = {Provided by the SAO/NASA Astrophysics Data System}
}

@article{Rigault15,
author = {Rigault, M and Aldering, G and Kowalski, M and Copin, Y and Antilogus, P and Aragon, C and Bailey, S and Baltay, C and Baugh, D and Bongard, S and Boone, K and Buton, C and Chen, J and Chotard, N and Fakhouri, H K and Feindt, U and Fagrelius, P and Fleury, M and Fouchez, D and Gangler, E and Hayden, B and Kim, A G and Leget, P F and Lombardo, S and Nordin, J and Pain, R and Pecontal, E and Pereira, R and Perlmutter, S and Rabinowitz, D and Runge, K and Rubin, D and Saunders, C and Smadja, G and Sofiatti, C and Suzuki, N and Tao, C and Weaver, B A},
title = {{Confirmation of a Star Formation Bias in Type Ia Supernova Distances and its Effect on the Measurement of the Hubble Constant}},
  journal = {\apj},
archivePrefix = "arXiv",
   eprint = {1412.6501},
 keywords = {cosmology: observations, distance scale, galaxies: distances and redshifts, supernovae: general, ultraviolet: galaxies},
     year = 2015,
    month = mar,
   volume = 802,
      eid = {20},
    pages = {20},
      doi = {10.1088/0004-637X/802/1/20},
   adsurl = {http://adsabs.harvard.edu/abs/2015ApJ...802...20R},
  adsnote = {Provided by the SAO/NASA Astrophysics Data System}
}

@article{Rigault13,
author = {Rigault, M and Copin, Y and Aldering, G and Antilogus, P and Aragon, C and Bailey, S and Baltay, C and Bongard, S and Buton, C and Canto, A and Cellier-Holzem, F and Childress, M and Chotard, N and Fakhouri, H K and Feindt, U and Fleury, M and Gangler, E and Greskovic, P and Guy, J and Kim, A G and Kowalski, M and Lombardo, S and Nordin, J and Nugent, P and Pain, R and Pecontal, E and Pereira, R and Perlmutter, S and Rabinowitz, D and Runge, K and Saunders, C and Scalzo, R and Smadja, G and Tao, C and Thomas, R C and Weaver, B A and {(The Nearby Supernova Factory)}},
title = {{Evidence of environmental dependencies of Type Ia supernovae from the Nearby Supernova Factory indicated by local H $\alpha$}},
  journal = {\aap},
archivePrefix = "arXiv",
   eprint = {1309.1182},
 primaryClass = "astro-ph.CO",
 keywords = {cosmology: observations},
     year = 2013,
    month = dec,
   volume = 560,
      eid = {A66},
    pages = {A66},
      doi = {10.1051/0004-6361/201322104},
   adsurl = {http://adsabs.harvard.edu/abs/2013A%26A...560A..66R},
  adsnote = {Provided by the SAO/NASA Astrophysics Data System}
}

@article{Suzuki12,
author = {Suzuki, N and Rubin, D and Lidman, C and Aldering, G and Amanullah, R and Barbary, K and Barrientos, L F and Botyanszki, J and Brodwin, M and Connolly, N and Dawson, K S and Dey, A and Doi, M and Donahue, M and Deustua, S and Eisenhardt, P and Ellingson, E and Faccioli, L and Fadeyev, V and Fakhouri, H K and Fruchter, A S and Gilbank, D G and Gladders, M D and Goldhaber, G and Gonzalez, A H and Goobar, A and Gude, A and Hattori, T and Hoekstra, H and Hsiao, E and Huang, X and Ihara, Y and Jee, M J and Johnston, D and Kashikawa, N and Koester, B and Konishi, K and Kowalski, M and Linder, E V and Lubin, L and Melbourne, J and Meyers, J and Morokuma, T and Munshi, F and Mullis, C and Oda, T and Panagia, N and Perlmutter, S and Postman, M and Pritchard, T and Rhodes, J and Ripoche, P and Rosati, P and Schlegel, D J and Spadafora, A and Stanford, S A and Stanishev, V and Stern, D and Strovink, M and Takanashi, N and Tokita, K and Wagner, M and Wang, L and Yasuda, N and Yee, H K C},
title = {{The Hubble Space Telescope Cluster Supernova Survey: V. Improving the Dark Energy Constraints Above z>1 and Building an Early-Type-Hosted Supernova Sample}},
journal = {ApJ},
year = {2012},
volume = {746},
number = {1},
pages = {85},
month = may
}

@article{Turnbull12,
author = {Turnbull, Stephen J and Hudson, Michael J and Feldman, Hume A and Hicken, Malcolm and Kirshner, Robert P and Watkins, Richard},
title = {{Cosmic flows in the nearby universe from Type Ia supernovae}},
journal = {\mnras},
year = {2012},
volume = {420},
number = {1},
pages = {447--454},
month = feb
}

@article{Weyant11,
author = {Weyant, Anja and Wood-Vasey, Michael and Wasserman, Larry and Freeman, Peter},
title = {{AN UNBIASED METHOD OF MODELING THE LOCAL PECULIAR VELOCITY FIELD WITH TYPE Ia SUPERNOVAE}},
 journal = {\apj},
archivePrefix = "arXiv",
   eprint = {1103.1603},
 keywords = {methods: statistical, supernovae: general},
     year = 2011,
    month = may,
   volume = 732,
      eid = {65},
    pages = {65},
      doi = {10.1088/0004-637X/732/2/65},
   adsurl = {http://adsabs.harvard.edu/abs/2011ApJ...732...65W},
  adsnote = {Provided by the SAO/NASA Astrophysics Data System}
}

@article{Childress13,
author = {Childress, M and Aldering, G and Antilogus, P and Aragon, C and Bailey, S and Baltay, C and Bongard, S and Buton, C and Canto, A and Cellier-Holzem, F and Chotard, N and Copin, Y and Fakhouri, H K and Gangler, E and Guy, J and Hsiao, E Y and Kerschhaggl, M and Kim, A G and Kowalski, M and Loken, S and Nugent, P and Paech, K and Pain, R and Pecontal, E and Pereira, R and Perlmutter, S and Rabinowitz, D and Rigault, M and Runge, K and Scalzo, R and Smadja, G and Tao, C and Thomas, R C and Weaver, B A and Wu, C},
title = {{HOST GALAXY PROPERTIES AND HUBBLE RESIDUALS OF TYPE Ia SUPERNOVAE FROM THE NEARBY SUPERNOVA FACTORY}},
  journal = {\apj},
archivePrefix = "arXiv",
   eprint = {1304.4720},
 keywords = {dark energy, supernovae: general },
     year = 2013,
    month = jun,
   volume = 770,
      eid = {108},
    pages = {108},
      doi = {10.1088/0004-637X/770/2/108},
   adsurl = {http://adsabs.harvard.edu/abs/2013ApJ...770..108C},
  adsnote = {Provided by the SAO/NASA Astrophysics Data System}
}

@article{Hayden13,
author = {Hayden, Brian T and Gupta, Ravi R and Garnavich, Peter M and Mannucci, Filippo and Nichol, Robert C and Sako, Masao},
title = {{The Fundamental Metallicity Relation Reduces Type Ia SN Hubble Residuals More than Host Mass Alone}},
  journal = {\apj},
archivePrefix = "arXiv",
   eprint = {1212.4848},
 keywords = {supernovae: general},
     year = 2013,
    month = feb,
   volume = 764,
      eid = {191},
    pages = {191},
      doi = {10.1088/0004-637X/764/2/191},
   adsurl = {http://adsabs.harvard.edu/abs/2013ApJ...764..191H},
  adsnote = {Provided by the SAO/NASA Astrophysics Data System}
}



@article{Mathews16,
author = {{Mathews}, G.~J. and {Rose}, B. and {Garnavich}, P. and {Yamazaki}, D. and {Kajino}, T.},
title = "{Detectability of cosmic dark flow in the type Ia supernova redshift-distance relation}",
  journal = {\apj{} {\it submitted}},
archivePrefix = "arXiv",
   eprint = {1412.1529},
year = {2016}
}

@article{Campbell13,
author = {Campbell, Heather and D'Andrea, Chris B and Nichol, Robert C and Sako, Masao and Smith, Mathew and Lampeitl, Hubert and Olmstead, Matthew D and Bassett, Bruce and Biswas, Rahul and Brown, Peter and Cinabro, David and Dawson, Kyle S and Dilday, Ben and Foley, Ryan J and Frieman, Joshua A and Garnavich, Peter and Hlozek, Renee and Jha, Saurabh W and Kuhlmann, Steve and Kunz, Martin and Marriner, John and Miquel, Ramon and Richmond, Michael and Riess, Adam and Schneider, Donald P and Sollerman, Jesper and Taylor, Matt and Zhao, Gong-Bo},
title = {{Cosmology with Photometrically Classified Type Ia Supernovae from the SDSS-II Supernova Survey}},
journal = {ApJ},
year = {2013},
volume = {763},
number = {2},
pages = {88},
month = feb
}


%% Not in papers!

@ARTICLE{Hamuy95,
   author = {{Hamuy}, M. and {Phillips}, M.~M. and {Maza}, J. and {Suntzeff}, N.~B. and 
	{Schommer}, R.~A. and {Aviles}, R.},
    title = "{A Hubble diagram of distant type IA supernovae}",
  journal = {\aj},
 keywords = {Hubble Diagram, Light Curve, Supernovae, Astronomical Photometry, Astronomical Spectroscopy, Charge Coupled Devices, Distance, Light Scattering, Stellar Luminosity},
     year = 1995,
    month = jan,
   volume = 109,
    pages = {1-13},
      doi = {10.1086/117251},
   adsurl = {http://adsabs.harvard.edu/abs/1995AJ....109....1H},
  adsnote = {Provided by the SAO/NASA Astrophysics Data System}
}

@ARTICLE{Riess95,
   author = {{Riess}, A.~G. and {Press}, W.~H. and {Kirshner}, R.~P.},
    title = "{Determining the motion of the local group using type IA supernovae light curve shapes}",
  journal = {\apjl},
   eprint = {astro-ph/9412017},
 keywords = {Galactic Evolution, Galactic Structure, Light Curve, Local Group (Astronomy), Radio Sources (Astronomy), Recession, Stellar Motions, Supernovae, Velocity Distribution, Carbon, Cosmic Background Explorer Satellite, Emission Spectra, H Beta Line},
     year = 1995,
    month = jun,
   volume = 445,
    pages = {L91-L94},
      doi = {10.1086/187897},
   adsurl = {http://adsabs.harvard.edu/abs/1995ApJ...445L..91R},
  adsnote = {Provided by the SAO/NASA Astrophysics Data System}
}

@ARTICLE{Appleby14,
   author = {{Appleby}, S. and {Shafieloo}, A.},
    title = "{Testing local anisotropy using the method of smoothed residuals I {\mdash} methodology}",
  journal = {J. Cosmology Astropart. Phys.},
archivePrefix = "arXiv",
   eprint = {1312.3415},
     year = 2014,
    month = mar,
   volume = 3,
      eid = {007},
    pages = {007},
      doi = {10.1088/1475-7516/2014/03/007},
   adsurl = {http://adsabs.harvard.edu/abs/2014JCAP...03..007A},
  adsnote = {Provided by the SAO/NASA Astrophysics Data System}
}

@ARTICLE{Scrimgeour12,
   author = {{Scrimgeour}, M.~I. and {Davis}, T. and {Blake}, C. and {James}, J.~B. and 
	{Poole}, G.~B. and {Staveley-Smith}, L. and {Brough}, S. and 
	{Colless}, M. and {Contreras}, C. and {Couch}, W. and {Croom}, S. and 
	{Croton}, D. and {Drinkwater}, M.~J. and {Forster}, K. and {Gilbank}, D. and 
	{Gladders}, M. and {Glazebrook}, K. and {Jelliffe}, B. and {Jurek}, R.~J. and 
	{Li}, I.-h. and {Madore}, B. and {Martin}, D.~C. and {Pimbblet}, K. and 
	{Pracy}, M. and {Sharp}, R. and {Wisnioski}, E. and {Woods}, D. and 
	{Wyder}, T.~K. and {Yee}, H.~K.~C.},
    title = "{The WiggleZ Dark Energy Survey: the transition to large-scale cosmic homogeneity}",
  journal = {\mnras},
archivePrefix = "arXiv",
   eprint = {1205.6812},
 keywords = {surveys, galaxies: statistics, cosmology: observations, large-scale structure of Universe },
     year = 2012,
    month = sep,
   volume = 425,
    pages = {116-134},
      doi = {10.1111/j.1365-2966.2012.21402.x},
   adsurl = {http://adsabs.harvard.edu/abs/2012MNRAS.425..116S},
  adsnote = {Provided by the SAO/NASA Astrophysics Data System}
}

@INPROCEEDINGS{OSIRIS,
   author = {{Larkin}, J. and {Barczys}, M. and {Krabbe}, A. and {Adkins}, S. and 
	{Aliado}, T. and {Amico}, P. and {Brims}, G. and {Campbell}, R. and 
	{Canfield}, J. and {Gasaway}, T. and {Honey}, A. and {Iserlohe}, C. and 
	{Johnson}, C. and {Kress}, E. and {LaFreniere}, D. and {Lyke}, J. and 
	{Magnone}, K. and {Magnone}, N. and {McElwain}, M. and {Moon}, J. and 
	{Quirrenbach}, A. and {Skulason}, G. and {Song}, I. and {Spencer}, M. and 
	{Weiss}, J. and {Wright}, S.},
    title = "{OSIRIS: a diffraction limited integral field spectrograph for Keck}",
booktitle = {Society of Photo-Optical Instrumentation Engineers (SPIE) Conference Series},
     year = 2006,
   series = {\procspie},
   volume = 6269,
    month = jun,
      eid = {62691A},
    pages = {62691A},
      doi = {10.1117/12.672061},
   adsurl = {http://adsabs.harvard.edu/abs/2006SPIE.6269E..1AL},
  adsnote = {Provided by the SAO/NASA Astrophysics Data System}
}


@ARTICLE{Gemini,
   author = {{Allington-Smith}, J. and {Murray}, G. and {Content}, R. and 
	{Dodsworth}, G. and {Davies}, R. and {Miller}, B.~W. and {Jorgensen}, I. and 
	{Hook}, I. and {Crampton}, D. and {Murowinski}, R.},
    title = "{Integral Field Spectroscopy with the Gemini Multiobject Spectrograph. I. Design, Construction, and Testing}",
  journal = {\pasp},
 keywords = {Instrumentation: Spectrographs, Techniques: Spectroscopic},
     year = 2002,
    month = aug,
   volume = 114,
    pages = {892-912},
      doi = {10.1086/341712},
   adsurl = {http://adsabs.harvard.edu/abs/2002PASP..114..892A},
  adsnote = {Provided by the SAO/NASA Astrophysics Data System}
}

@article{Wiltshire:2013dl,
author = {Wiltshire, D. L. and Smale, P. R. and Mattsson, T. and Watkins, R.},
title = {{Hubble flow variance and the cosmic rest frame}},
journal = {Phys. Rev. D},
year = {2013},
volume = 88,
pages = 083529,
}

@ARTICLE{Kind13,
   author = {{Carrasco Kind}, M. and {Brunner}, R.~J.},
    title = "{TPZ: photometric redshift PDFs and ancillary information by using prediction trees and random forests}",
  journal = {\mnras},
archivePrefix = "arXiv",
   eprint = {1303.7269},
 keywords = {methods: data analysis, methods: statistical, surveys, galaxies: distances and redshift, galaxies: statistics},
     year = 2013,
    month = jun,
   volume = 432,
    pages = {1483-1501},
      doi = {10.1093/mnras/stt574},
   adsurl = {http://adsabs.harvard.edu/abs/2013MNRAS.432.1483C},
  adsnote = {Provided by the SAO/NASA Astrophysics Data System}
}

@ARTICLE{2008AJ....135..338F,
   author = {{Frieman}, J.~A. and {Bassett}, B. and {Becker}, A. and {Choi}, C. and 
  {Cinabro}, D. and {DeJongh}, F. and {Depoy}, D.~L. and {Dilday}, B. and 
  {Doi}, M. and {Garnavich}, P.~M. and {Hogan}, C.~J. and {Holtzman}, J. and 
  {Im}, M. and {Jha}, S. and {Kessler}, R. and {Konishi}, K. and 
  {Lampeitl}, H. and {Marriner}, J. and {Marshall}, J.~L. and 
  {McGinnis}, D. and {Miknaitis}, G. and {Nichol}, R.~C. and {Prieto}, J.~L. and 
  {Riess}, A.~G. and {Richmond}, M.~W. and {Romani}, R. and {Sako}, M. and 
  {Schneider}, D.~P. and {Smith}, M. and {Takanashi}, N. and {Tokita}, K. and 
  {van der Heyden}, K. and {Yasuda}, N. and {Zheng}, C. and {Adelman-McCarthy}, J. and 
  {Annis}, J. and {Assef}, R.~J. and {Barentine}, J. and {Bender}, R. and 
  {Blandford}, R.~D. and {Boroski}, W.~N. and {Bremer}, M. and 
  {Brewington}, H. and {Collins}, C.~A. and {Crotts}, A. and {Dembicky}, J. and 
  {Eastman}, J. and {Edge}, A. and {Edmondson}, E. and {Elson}, E. and 
  {Eyler}, M.~E. and {Filippenko}, A.~V. and {Foley}, R.~J. and 
  {Frank}, S. and {Goobar}, A. and {Gueth}, T. and {Gunn}, J.~E. and 
  {Harvanek}, M. and {Hopp}, U. and {Ihara}, Y. and {Ivezi{\'c}}, {\v Z}. and 
  {Kahn}, S. and {Kaplan}, J. and {Kent}, S. and {Ketzeback}, W. and 
  {Kleinman}, S.~J. and {Kollatschny}, W. and {Kron}, R.~G. and 
  {Krzesi{\'n}ski}, J. and {Lamenti}, D. and {Leloudas}, G. and 
  {Lin}, H. and {Long}, D.~C. and {Lucey}, J. and {Lupton}, R.~H. and 
  {Malanushenko}, E. and {Malanushenko}, V. and {McMillan}, R.~J. and 
  {Mendez}, J. and {Morgan}, C.~W. and {Morokuma}, T. and {Nitta}, A. and 
  {Ostman}, L. and {Pan}, K. and {Rockosi}, C.~M. and {Romer}, A.~K. and 
  {Ruiz-Lapuente}, P. and {Saurage}, G. and {Schlesinger}, K. and 
  {Snedden}, S.~A. and {Sollerman}, J. and {Stoughton}, C. and 
  {Stritzinger}, M. and {Subba Rao}, M. and {Tucker}, D. and {Vaisanen}, P. and 
  {Watson}, L.~C. and {Watters}, S. and {Wheeler}, J.~C. and {Yanny}, B. and 
  {York}, D.},
    title = "{The Sloan Digital Sky Survey-II Supernova Survey: Technical Summary}",
  journal = {\aj},
archivePrefix = "arXiv",
   eprint = {0708.2749},
 keywords = {supernovae: general, surveys},
     year = 2008,
    month = jan,
   volume = 135,
    pages = {338-347},
      doi = {10.1088/0004-6256/135/1/338},
   adsurl = {http://adsabs.harvard.edu/abs/2008AJ....135..338F},
  adsnote = {Provided by the SAO/NASA Astrophysics Data System}
}

@ARTICLE{2008AJ....135..348S,
   author = {{Sako}, M. and {Bassett}, B. and {Becker}, A. and {Cinabro}, D. and 
  {DeJongh}, F. and {Depoy}, D.~L. and {Dilday}, B. and {Doi}, M. and 
  {Frieman}, J.~A. and {Garnavich}, P.~M. and {Hogan}, C.~J. and 
  {Holtzman}, J. and {Jha}, S. and {Kessler}, R. and {Konishi}, K. and 
  {Lampeitl}, H. and {Marriner}, J. and {Miknaitis}, G. and {Nichol}, R.~C. and 
  {Prieto}, J.~L. and {Riess}, A.~G. and {Richmond}, M.~W. and 
  {Romani}, R. and {Schneider}, D.~P. and {Smith}, M. and {SubbaRao}, M. and 
  {Takanashi}, N. and {Tokita}, K. and {van der Heyden}, K. and 
  {Yasuda}, N. and {Zheng}, C. and {Barentine}, J. and {Brewington}, H. and 
  {Choi}, C. and {Dembicky}, J. and {Harnavek}, M. and {Ihara}, Y. and 
  {Im}, M. and {Ketzeback}, W. and {Kleinman}, S.~J. and {Krzesi{\'n}ski}, J. and 
  {Long}, D.~C. and {Malanushenko}, E. and {Malanushenko}, V. and 
  {McMillan}, R.~J. and {Morokuma}, T. and {Nitta}, A. and {Pan}, K. and 
  {Saurage}, G. and {Snedden}, S.~A.},
    title = "{The Sloan Digital Sky Survey-II Supernova Survey: Search Algorithm and Follow-up Observations}",
  journal = {\aj},
archivePrefix = "arXiv",
   eprint = {0708.2750},
 keywords = {cosmology: observations, methods: data analysis, techniques: image processing, supernovae: general, surveys },
     year = 2008,
    month = jan,
   volume = 135,
      eid = {348-373},
    pages = {348-373},
      doi = {10.1088/0004-6256/135/1/348},
   adsurl = {http://adsabs.harvard.edu/abs/2008AJ....135..348S},
  adsnote = {Provided by the SAO/NASA Astrophysics Data System}
}
